<record><leader>00000cas a22000007a 4500</leader><controlfield tag="001">10674761</controlfield><controlfield tag="008">840430d18621866nhudn ne      0    0eng d</controlfield><controlfield tag="009">3768</controlfield><datafield ind1=" " ind2=" " tag="010"><subfield code="a">sn 84022935 </subfield></datafield><datafield ind1=" " ind2=" " tag="040"><subfield code="a">NPX</subfield><subfield code="b">eng</subfield><subfield code="c">NPX</subfield><subfield code="d">DLC</subfield><subfield code="d">NPY</subfield><subfield code="d">KNP</subfield><subfield code="d">NVH</subfield><subfield code="d">NYS</subfield><subfield code="d">OCL</subfield><subfield code="d">DLC</subfield><subfield code="d">OCLCF</subfield></datafield><datafield ind1="1" ind2=" " tag="029"><subfield code="a">AU@</subfield><subfield code="b">000020228294</subfield></datafield><datafield ind1=" " ind2=" " tag="042"><subfield code="a">msc</subfield></datafield><datafield ind1=" " ind2=" " tag="043"><subfield code="a">n-us-nh</subfield></datafield><datafield ind1="0" ind2="0" tag="050"><subfield code="a">Newspaper 8701-X</subfield></datafield><datafield ind1="0" ind2=" " tag="130"><subfield code="a">Legislative reporter (Concord, N.H. : 1862)</subfield></datafield><datafield ind1="1" ind2="4" tag="245"><subfield code="a">The legislative reporter.</subfield></datafield><datafield ind1=" " ind2=" " tag="260"><subfield code="a">Concord, N.H. :</subfield><subfield code="b">W. Butterfield, McFarland, Jenks, Fogg, &amp; Hadley</subfield></datafield><datafield ind1=" " ind2=" " tag="300"><subfield code="a">v.</subfield></datafield><datafield ind1=" " ind2=" " tag="310"><subfield code="a">Daily (during legislative sessions)</subfield></datafield><datafield ind1="0" ind2=" " tag="362"><subfield code="a">Vol. 1, no. 1 (June 5, 1862)-v. 5, no. 21 (July 9, 1866).</subfield></datafield><datafield ind1=" " ind2=" " tag="580"><subfield code="a">Weekly eds.: New Hampshire statesman (Concord, N.H. : 1847), 1862-1866; and: Independent Democrat (Concord, N.H.), 1862-1866; and: New-Hampshire patriot &amp; state gazette, 1862; and: New Hampshire patriot and gazette, 1863-1866.</subfield></datafield><datafield ind1=" " ind2="0" tag="651"><subfield code="a">Concord (N.H.)</subfield><subfield code="v">Newspapers.</subfield></datafield><datafield ind1=" " ind2="7" tag="655"><subfield code="a">Newspapers.</subfield><subfield code="2">fast</subfield><subfield code="0">(OCoLC)fst01423814</subfield></datafield><datafield ind1=" " ind2="7" tag="651"><subfield code="a">New Hampshire</subfield><subfield code="z">Concord.</subfield><subfield code="2">fast</subfield><subfield code="0">(OCoLC)fst01205752</subfield></datafield><datafield ind1=" " ind2=" " tag="752"><subfield code="a">United States</subfield><subfield code="b">New Hampshire</subfield><subfield code="c">Merrimack</subfield><subfield code="d">Concord.</subfield></datafield><datafield ind1="1" ind2=" " tag="775"><subfield code="t">New Hampshire statesman (Concord, N.H. : 1847)</subfield><subfield code="w">(DLC)sn 84022932</subfield><subfield code="w">(OCoLC)10674120</subfield></datafield><datafield ind1="1" ind2=" " tag="775"><subfield code="t">Independent Democrat (Concord, N.H.)</subfield><subfield code="w">(DLC)sn 84022953</subfield><subfield code="w">(OCoLC)10681434</subfield></datafield><datafield ind1="1" ind2=" " tag="775"><subfield code="t">New-Hampshire patriot &amp; state gazette</subfield><subfield code="w">(DLC)sn 83025541</subfield><subfield code="w">(OCoLC)9591153</subfield></datafield><datafield ind1="1" ind2=" " tag="775"><subfield code="t">New Hampshire patriot and gazette</subfield><subfield code="w">(DLC)sn 84020380</subfield><subfield code="w">(OCoLC)10671298</subfield></datafield></record>